@misc{german2023adiabatic,
      title={Adiabatic inspirals under electromagnetic radiation reaction on Kerr spacetime}, 
      author={Ethan J German and Kevin Cunningham and Visakan Balakumar and Niels Warburton and Sam R Dolan},
      year={2023},
      eprint={2309.10028},
      archivePrefix={arXiv},
      primaryClass={gr-qc}
}

@article{TorresDolan2022,
  title = {Electromagnetic self-force on a charged particle on Kerr spacetime: Equatorial circular orbits},
  author = {Torres, Theo and Dolan, Sam R.},
  journal = {Phys. Rev. D},
  volume = {106},
  issue = {2},
  pages = {024024},
  numpages = {22},
  year = {2022},
  month = {Jul},
  publisher = {American Physical Society},
  doi = {10.1103/PhysRevD.106.024024},
  url = {https://link.aps.org/doi/10.1103/PhysRevD.106.024024}
}

@article{Teukolsky:1973ha,
	author = {Teukolsky, Saul A.},
	date-added = {2023-09-05 13:42:13 +0100},
	date-modified = {2023-09-05 13:42:13 +0100},
	doi = {10.1086/152444},
	journal = {Astrophys. J.},
	pages = {635--647},
	title = {{Perturbations of a rotating black hole. 1. Fundamental equations for gravitational electromagnetic and neutrino field perturbations}},
	volume = {185},
	year = {1973},
	bdsk-url-1 = {https://doi.org/10.1086/152444}}

@article{Warburton_2011,
	doi = {10.1103/physrevd.83.124038},
  
	url = {https://doi.org/10.1103%2Fphysrevd.83.124038},
  
	year = 2011,
	month = {jun},
  
	publisher = {American Physical Society ({APS})},
  
	volume = {83},
  
	number = {12},
  
	author = {Niels Warburton and Leor Barack},
  
	title = {Self-force on a scalar charge in Kerr spacetime: Eccentric equatorial orbits},
  
	journal = {Physical Review D}
}